@inproceedings{goldberg2002stereo,
	title={Stereo vision and rover navigation software for planetary exploration},
	author={Goldberg, Steven B and Maimone, Mark W and Matthies, Larry},
	booktitle={Aerospace Conference Proceedings},
	volume={5},
	pages={5--5},
	year={2002},
	organization={IEEE}
}

@inproceedings{stowers2011altitude,
	title={Altitude control of a quadrotor helicopter using depth map from {M}icrosoft {K}inect sensor},
	author={Stowers, John and Hayes, Michael and Bainbridge-Smith, Andrew},
	booktitle={Mechatronics (ICM), 2011 IEEE International Conference on},
	pages={358--362},
	year={2011},
	organization={IEEE}
}

@inproceedings{ren2011robust,
	title={Robust hand gesture recognition with {K}inect sensor},
	author={Ren, Zhou and Meng, Jingjing and Yuan, Junsong and Zhang, Zhengyou},
	booktitle={International Conference on Multimedia},
	pages={759--760},
	year={2011},
	organization={ACM}
}

@article{zhang2012microsoft,
	title={Microsoft {K}inect sensor and its effect},
	author={Zhang, Zhengyou},
	journal={IEEE Multimedia},
	volume={19},
	number={2},
	pages={4--10},
	year={2012},
	publisher={IEEE}
}

@article{siena2018utilising,
	title={Utilising the {I}ntel {R}eal{S}ense Camera for Measuring Health Outcomes in Clinical Research},
	author={Siena, Francesco Luke and Byrom, Bill and Watts, Paul and Breedon, Philip},
	journal={Journal of Medical Systems},
	volume={42},
	number={3},
	pages={53},
	year={2018},
	publisher={Springer}
}

@inproceedings{patil2016real,
	title={Real time facial expression recognition using {R}eal{S}ense camera and {ANN}},
	author={Patil, Jayashree V and Bailke, Preeti},
	booktitle={Conference on Inventive Computation Technologies (ICICT)},
	volume={2},
	pages={1--6},
	year={2016},
	organization={IEEE}
}

@inproceedings{bi2016mav,
	title={An {MAV} localization and mapping system based on dual {R}eal{S}ense cameras},
	author={Bi, Yingcai and Li, Jiaxin and Qin, Hailong and Lan, Menglu and Shan, Mo and Lin, Feng and Chen, Ben M},
	booktitle={Int. Micro Air Vehicles, Conf. Competitions, Nat. Univ. Singapore, Singapore, Tech. Rep},
	year={2016}
}

@article{keselman2017intel,
	title={Intel {R}eal{S}ense stereoscopic depth cameras},
	author={Keselman, Leonid and Woodfill, John Iselin and Grunnet-Jepsen, Anders and Bhowmik, Achintya},
	journal={arXiv preprint arXiv:1705.05548},
	year={2017}
}

@inproceedings{Saxena_depth_est,
	author = {Saxena, Ashutosh and Chung, Sung H. and Ng, Andrew Y.},
	title = {Learning Depth from Single Monocular Images},
	booktitle = {International Conference on Neural Information Processing Systems},
	year = {2005},
	location = {Vancouver, British Columbia, Canada},
	pages = {1161-1168},
	numpages = {8},
	url = {http://dl.acm.org/citation.cfm?id=2976248.2976394},
	acmid = {2976394},
	publisher = {MIT Press},
	address = {Cambridge, MA, USA},
} 

@inproceedings{inside_box,
	title = {Thinking inside the box: Using appearance models and context based on room geometry},
	year = {2010},
	month = {11},
	day = {15},
	doi = {10.1007/978-3-642-15567-3_17},
	pages = {224--237},
	booktitle = {European Conference on Computer Vision},
}

@InProceedings{effecient_exact,
	author={Schwing, Alexander G.
	and Urtasun, Raquel},
	editor={Fitzgibbon, Andrew
	and Lazebnik, Svetlana
	and Perona, Pietro
	and Sato, Yoichi
	and Schmid, Cordelia},
	title={Efficient Exact Inference for 3D Indoor Scene Understanding},
	booktitle = {European Conference on Computer Vision},
	year={2012},
	publisher={Springer Berlin Heidelberg},
	pages={299--313},
	isbn={978-3-642-33783-3},
}

@article{nips_depth,
	author    = {David Eigen and
	Christian Puhrsch and
	Rob Fergus},
	title     = {Depth Map Prediction from a Single Image using a Multi-Scale Deep
	Network},
	journal   = {CoRR},
	volume    = {abs/1406.2283},
	year      = {2014},
	url       = {http://arxiv.org/abs/1406.2283},
	archivePrefix = {arXiv},
	eprint    = {1406.2283},
	timestamp = {Mon, 13 Aug 2018 16:47:10 +0200},
	biburl    = {https://dblp.org/rec/bib/journals/corr/EigenPF14},
	bibsource = {dblp computer science bibliography, https://dblp.org}
}

@thesis{Schennings1167554,
	author = {Schennings, Jacob},
	institution = {Uppsala University, Division of Systems and Control},
	pages = {70},
	school = {Uppsala University, Division of Systems and Control},
	title = {Deep Convolutional Neural Networks for Real-Time Single Frame Monocular Depth Estimation},
	series = {UPTEC F},
	ISSN = {1401-5757},
	number = {17060},
	year = {2017}
}

@article{single_image_depth,
	author = {He, Lei and Wang, Guanghui and Hu, Zhanyi},
	year = {2018},
	month = {03},
	title = {Learning Depth from Single Images with Deep Neural Network Embedding Focal Length},
	journal = {IEEE Transactions on Image Processing},
	doi = {10.1109/TIP.2018.2832296}
}

@manual{SNS,
author = {Roland Siegwart, Illah R. Nourbakhsh and Davide Scaramuzza},
title = {Introduction to Autonomous Mobile Robots (2nd Edition)},
publisher={The MIT Press},
year={2011},
note={Sections 4.2.5 - 4.2.7}
}

@manual{FP,
author = {D. A. Forsyth and J. Ponce},
title = {Computer Vision: A Modern Approach (2nd
Edition)},
publisher={Prentice Hall},
year={2011},
note={Sections 7.1 and 7.2}
}

@misc{slides,
author = {Marco Pavone},
title = {AA273 lecture slides},
month = {Winter},
year = {2018},
note = {Lecture 6}
}